<?xml version="1.0" encoding="UTF-8" standalone="no"?>
<searchRetrieveResponse xmlns="http://www.loc.gov/zing/srw/">
    <version>1.2</version>
    <numberOfRecords>1</numberOfRecords>
    <records>
        <record>
            <recordSchema>marcxml</recordSchema>
            <recordPacking>xml</recordPacking>
            <recordData>
                <record xmlns="http://www.loc.gov/MARC21/slim">
                    <leader>02200cam a2200517 c 4500</leader>
                    <controlfield tag="001">990713815384702201</controlfield>
                    <controlfield tag="005">20210629145417.0</controlfield>
                    <controlfield tag="007">ta</controlfield>
                    <controlfield tag="007">cr||||||||||||</controlfield>
                    <controlfield tag="008">141111s2007    no#||||| |||||000|0anob|^</controlfield>
                    <datafield ind1=" " ind2=" " tag="015">
                        <subfield code="a">0713729</subfield>
                        <subfield code="2">nbf</subfield>
                    </datafield>
                    <datafield ind1=" " ind2=" " tag="020">
                        <subfield code="a">9788205377547</subfield>
                        <subfield code="q">h.</subfield>
                        <subfield code="c">Nkr 99.00</subfield>
                    </datafield>
                    <datafield ind1=" " ind2=" " tag="035">
                        <subfield code="a">071381538-47bibsys_network</subfield>
                    </datafield>
                    <datafield ind1=" " ind2=" " tag="035">
                        <subfield code="a">(NO-TrBIB)071381538</subfield>
                    </datafield>
                    <datafield ind1=" " ind2=" " tag="035">
                        <subfield code="a">(NO-TrBIB)144226308</subfield>
                    </datafield>
                    <datafield ind1=" " ind2=" " tag="040">
                        <subfield code="a">NO-OsNB</subfield>
                        <subfield code="b">nob</subfield>
                        <subfield code="e">katreg</subfield>
                    </datafield>
                    <datafield ind1=" " ind2=" " tag="042">
                        <subfield code="a">norbibl</subfield>
                    </datafield>
                    <datafield ind1=" " ind2=" " tag="044">
                        <subfield code="c">no</subfield>
                    </datafield>
                    <datafield ind1="7" ind2="4" tag="082">
                        <subfield code="a">971</subfield>
                        <subfield code="q">NO-OsNB</subfield>
                        <subfield code="2">5/nor</subfield>
                    </datafield>
                    <datafield ind1="1" ind2=" " tag="100">
                        <subfield code="a">Ingstad, Helge</subfield>
                        <subfield code="d">1899-2001</subfield>
                        <subfield code="0">(NO-TrBIB)90106700</subfield>
                    </datafield>
                    <datafield ind1="1" ind2="0" tag="245">
                        <subfield code="a">Pelsjegerliv blant Nord-Canadas indianere</subfield>
                        <subfield code="c">Helge Ingstad</subfield>
                    </datafield>
                    <datafield ind1="1" ind2="8" tag="246">
                        <subfield code="a">Pelsjegerliv</subfield>
                    </datafield>
                    <datafield ind1=" " ind2=" " tag="250">
                        <subfield code="a">11 utg.</subfield>
                    </datafield>
                    <datafield ind1=" " ind2=" " tag="260">
                        <subfield code="a">[Oslo]</subfield>
                        <subfield code="b">Gyldendal</subfield>
                        <subfield code="c">2007</subfield>
                    </datafield>
                    <datafield ind1=" " ind2=" " tag="300">
                        <subfield code="a">224 s., pl.</subfield>
                        <subfield code="b">ill.</subfield>
                    </datafield>
                    <datafield ind1="1" ind2=" " tag="490">
                        <subfield code="a">Gyldendal pocket</subfield>
                    </datafield>
                    <datafield ind1=" " ind2=" " tag="500">
                        <subfield code="a">1. utg. Oslo : Gyldendal, 1931 med tittelen: Pelsjegerliv blandt Nord-Kanadas indianere</subfield>
                    </datafield>
                    <datafield ind1="1" ind2="7" tag="600">
                        <subfield code="a">Ingstad, Helge</subfield>
                        <subfield code="d">1899-2001</subfield>
                        <subfield code="0">(NO-TrBIB)90106700</subfield>
                        <subfield code="2">bare</subfield>
                    </datafield>
                    <datafield ind1=" " ind2="7" tag="651">
                        <subfield code="a">Arktis</subfield>
                        <subfield code="2">humord</subfield>
                        <subfield code="0">(NO-TrBIB)HUME03747</subfield>
                    </datafield>
                    <datafield ind1=" " ind2="7" tag="651">
                        <subfield code="a">Canada</subfield>
                        <subfield code="2">humord</subfield>
                        <subfield code="0">(NO-TrBIB)HUME01666</subfield>
                    </datafield>
                    <datafield ind1=" " ind2="7" tag="651">
                        <subfield code="a">Canada</subfield>
                        <subfield code="2">norbok</subfield>
                    </datafield>
                    <datafield ind1=" " ind2="7" tag="655">
                        <subfield code="a">Memoarer</subfield>
                        <subfield code="2">humord</subfield>
                        <subfield code="0">(NO-TrBIB)HUME01059</subfield>
                    </datafield>
                    <datafield ind1=" " ind2="7" tag="655">
                        <subfield code="a">Reiseskildringer</subfield>
                        <subfield code="2">humord</subfield>
                        <subfield code="0">(NO-TrBIB)HUME01331</subfield>
                    </datafield>
                    <datafield ind1=" " ind2="7" tag="650">
                        <subfield code="a">Jakt</subfield>
                        <subfield code="2">humord</subfield>
                        <subfield code="0">(NO-TrBIB)HUME07636</subfield>
                    </datafield>
                    <datafield ind1=" " ind2="7" tag="650">
                        <subfield code="a">Urfolk i Amerika</subfield>
                        <subfield code="2">humord</subfield>
                        <subfield code="0">(NO-TrBIB)HUME00797</subfield>
                    </datafield>
                    <datafield ind1="0" ind2=" " tag="740">
                        <subfield code="a">Pelsjegerliv</subfield>
                    </datafield>
                    <datafield ind1="0" ind2=" " tag="740">
                        <subfield code="a">Pelsjegerliv blandt Nord-Kanadas indianere</subfield>
                    </datafield>
                    <datafield ind1=" " ind2="0" tag="830">
                        <subfield code="a">Gyldendal pocket</subfield>
                    </datafield>
                    <datafield ind1="4" ind2="2" tag="856">
                        <subfield code="3">Omslagsbilde</subfield>
                        <subfield code="u">https://contents.bibs.aws.unit.no/files/images/large/7/4/9788205377547.jpg</subfield>
                        <subfield code="q">image/jpeg</subfield>
                    </datafield>
                    <datafield ind1="4" ind2="2" tag="856">
                        <subfield code="3">Originalt bilde</subfield>
                        <subfield code="u">https://contents.bibs.aws.unit.no/files/images/original/7/4/9788205377547.jpg</subfield>
                        <subfield code="q">image/jpeg</subfield>
                    </datafield>
                    <datafield ind1="4" ind2="2" tag="856">
                        <subfield code="3">Beskrivelse fra Forlagssentralen</subfield>
                        <subfield code="u">http://content.bibsys.no/content/?type=descr_forlagssentr&amp;isbn=8205377545</subfield>
                    </datafield>
                    <datafield ind1="4" ind2="2" tag="856">
                        <subfield code="3">Innholdsfortegnelse</subfield>
                        <subfield code="u">http://content.bibsys.no/content/?type=toc&amp;isbn=8205377545</subfield>
                    </datafield>
                    <datafield ind1="4" ind2="2" tag="856">
                        <subfield code="3">Omslagsbilde</subfield>
                        <subfield code="u">http://innhold.bibsys.no/bilde/forside/?size=mini&amp;id=LITE_150088182.jpg</subfield>
                        <subfield code="q">image/jpeg</subfield>
                    </datafield>
                    <datafield ind1="4" ind2="1" tag="856">
                        <subfield code="3">Fulltekst</subfield>
                        <subfield code="u">https://www.nb.no/search?q=oaiid:"oai:nb.bibsys.no:990713815384702202"&amp;mediatype=bøker</subfield>
                        <subfield code="y">Nettbiblioteket</subfield>
                        <subfield code="z">Søke-URL</subfield>
                    </datafield>
                    <datafield ind1="0" ind2="1" tag="852">
                        <subfield code="a">47BIBSYS_UBTO</subfield>
                        <subfield code="6">990713815384702205</subfield>
                        <subfield code="9">P</subfield>
                    </datafield>
                    <datafield ind1="0" ind2="1" tag="852">
                        <subfield code="a">47BIBSYS_HIB</subfield>
                        <subfield code="6">999920128531302221</subfield>
                        <subfield code="9">P</subfield>
                    </datafield>
                    <datafield ind1="0" ind2="1" tag="852">
                        <subfield code="a">47BIBSYS_NB</subfield>
                        <subfield code="6">990713815384702202</subfield>
                        <subfield code="9">D</subfield>
                        <subfield code="9">P</subfield>
                    </datafield>
                    <datafield ind1="0" ind2="1" tag="852">
                        <subfield code="a">47BIBSYS_NTNU_UB</subfield>
                        <subfield code="6">990713815384702203</subfield>
                        <subfield code="9">P</subfield>
                    </datafield>
                    <datafield ind1=" " ind2=" " tag="901">
                        <subfield code="a">90</subfield>
                    </datafield>
                    <datafield ind1=" " ind2=" " tag="913">
                        <subfield code="a">Norbok</subfield>
                        <subfield code="b">NB</subfield>
                    </datafield>
                </record>
            </recordData>
            <recordIdentifier>990713815384702201</recordIdentifier>
            <recordPosition>1</recordPosition>
        </record>
    </records>
    <extraResponseData xmlns:xb="http://www.exlibris.com/repository/search/xmlbeans/">
        <xb:exact>true</xb:exact>
        <xb:responseDate>2021-10-26T10:16:44+0200</xb:responseDate>
    </extraResponseData>
</searchRetrieveResponse>